@book{bosi_goldberg_2003, place={Boston}, title={Introduction to digital audio coding and standards}, publisher={Kluwer Academic Publishers}, author={Bosi, Marina and Goldberg, Richard E.}, year={2003}}

@book{you_2010, place={Boston, MA}, title={Audio Coding Theory and Applications}, publisher={Springer US}, author={You, Yuli}, year={2010}}

@inproceedings{Recoskie2014ConstrainedNM,
	title={Constrained Nonnegative Matrix Factorization with Applications to Music Transcription},
	author={Daniel Recoskie},
	year={2014}
}

@techreport{Shatkay:1995:FTP:864947,
	author = {Shatkay, Hagit},
	title = {The Fourier Transform - A Primer},
	year = {1995},
	source = {ftp://ftp.cs.brown.edu/pub/techreports/95/cs95-37.pdf},
	publisher = {Brown University},
	address = {Providence, RI, USA},
} 

@article{recoskie_mann_2014, title={Constrained Nonnegative Matrix Factorization with Applications to Music Transcription}, url={https://cs.uwaterloo.ca/sites/ca.computer-science/files/uploads/files/cs-2014-27.pdf}, journal={University of Waterloo Technical Report CS-2014-27}, author={Recoskie, Daniel and Mann, Richard}, year={2014}, month={Dec}}

@article{wang_zhang_2013, title={Nonnegative Matrix Factorization: A Comprehensive Review}, volume={25}, DOI={10.1109/tkde.2012.51}, number={6}, journal={IEEE Transactions on Knowledge and Data Engineering}, author={Wang, Yu-Xiong and Zhang, Yu-Jin}, year={2013}, pages={1336â€“1353}}

@misc{valin_maxwell_terriberry_vos_2013, title={High-Quality, Low-Delay Music Coding in the Opus Codec}, url={https://jmvalin.ca/papers/aes135_opus_celt.pdf}, author={Valin, Jean-Marc and Maxwell, Gregory and Terriberry, Timothy B. and Vos, Koen}, year={2013}, month={Oct}}
